{
  "leader": "04509cam a22004811i 4500",
  "fields": [
    {
      "001": "ocm00289196\\"
    },
    {
      "003": "OCoLC"
    },
    {
      "005": "20211007144117.0"
    },
    {
      "008": "820128s1938\\\\\\\\nyuaf\\\\\\\\\\\\\\\\\\000\\0\\eng\\\\"
    },
    {
      "010": {
        "ind1": "\\",
        "ind2": "\\",
        "subfields": [
          {
            "a": "   38027572 "
          }
        ]
      }
    },
    {
      "040": {
        "ind1": "\\",
        "ind2": "\\",
        "subfields": [
          {
            "a": "NLM"
          },
          {
            "b": "eng"
          },
          {
            "c": "NLM"
          },
          {
            "d": "CGU"
          },
          {
            "d": "DLC"
          },
          {
            "d": "WSU"
          },
          {
            "d": "SGB"
          },
          {
            "d": "CIRBC"
          },
          {
            "d": "UKMGB"
          },
          {
            "d": "GSL"
          },
          {
            "d": "UKV3G"
          },
          {
            "d": "LVB"
          },
          {
            "d": "SJL"
          },
          {
            "d": "UWW"
          },
          {
            "d": "IOQ"
          },
          {
            "d": "OCLCF"
          },
          {
            "d": "WKG"
          },
          {
            "d": "EUW"
          },
          {
            "d": "OCLCQ"
          },
          {
            "d": "OUF"
          },
          {
            "d": "OCLCQ"
          },
          {
            "d": "OCLCO"
          },
          {
            "d": "OCLCQ"
          },
          {
            "d": "MTG"
          },
          {
            "d": "OCLCO"
          },
          {
            "d": "OCLCQ"
          },
          {
            "d": "CSJ"
          },
          {
            "d": "OCLCO"
          },
          {
            "d": "OCLCA"
          },
          {
            "d": "OCLCQ"
          },
          {
            "d": "OCLCO"
          },
          {
            "d": "GILDS"
          },
          {
            "d": "NLC"
          },
          {
            "d": "MNI"
          },
          {
            "d": "CNO"
          },
          {
            "d": "CSA"
          },
          {
            "d": "XFF"
          },
          {
            "d": "TYC"
          },
          {
            "d": "OKX"
          },
          {
            "d": "TKN"
          },
          {
            "d": "CSO"
          },
          {
            "d": "MRM"
          },
          {
            "d": "HCO"
          },
          {
            "d": "KFH"
          },
          {
            "d": "FQM"
          },
          {
            "d": "FQG"
          },
          {
            "d": "VTM"
          },
          {
            "d": "OCLCQ"
          },
          {
            "d": "OCLCO"
          },
          {
            "d": "NAM"
          },
          {
            "d": "XIM"
          },
          {
            "d": "SNN"
          },
          {
            "d": "NJR"
          },
          {
            "d": "INT"
          },
          {
            "d": "CNCMU"
          },
          {
            "d": "BBF"
          },
          {
            "d": "UAB"
          },
          {
            "d": "UWO"
          },
          {
            "d": "IOG"
          },
          {
            "d": "CWI"
          },
          {
            "d": "GDC"
          },
          {
            "d": "OCLCQ"
          },
          {
            "d": "EZC"
          },
          {
            "d": "LGG"
          },
          {
            "d": "OCLCQ"
          },
          {
            "d": "CBA"
          },
          {
            "d": "LKC"
          },
          {
            "d": "DKC"
          },
          {
            "d": "OCLCQ"
          },
          {
            "d": "SGB"
          },
          {
            "d": "OCLCO"
          },
          {
            "d": "OCL"
          },
          {
            "d": "UMK"
          },
          {
            "d": "OCLCO"
          },
          {
            "d": "OCL"
          },
          {
            "d": "OCLCA"
          },
          {
            "d": "OCLCQ"
          },
          {
            "d": "OCLCO"
          },
          {
            "d": "NLM"
          }
        ]
      }
    },
    {
      "016": {
        "ind1": "\\",
        "ind2": "\\",
        "subfields": [
          {
            "a": "(AMICUS)000004870763"
          }
        ]
      }
    },
    {
      "016": {
        "ind1": "7",
        "ind2": "\\",
        "subfields": [
          {
            "a": "55621480R"
          },
          {
            "2": "DNLM"
          }
        ]
      }
    },
    {
      "016": {
        "ind1": "7",
        "ind2": "\\",
        "subfields": [
          {
            "a": "011483732"
          },
          {
            "2": "Uk"
          }
        ]
      }
    },
    {
      "019": {
        "ind1": "\\",
        "ind2": "\\",
        "subfields": [
          {
            "a": "648234"
          },
          {
            "a": "6078373"
          },
          {
            "a": "34620190"
          },
          {
            "a": "37519622"
          },
          {
            "a": "58991779"
          },
          {
            "a": "744675381"
          },
          {
            "a": "862247922"
          },
          {
            "a": "908614368"
          },
          {
            "a": "961901901"
          },
          {
            "a": "962866079"
          },
          {
            "a": "964620790"
          },
          {
            "a": "977298330"
          },
          {
            "a": "988425371"
          },
          {
            "a": "1060555424"
          }
        ]
      }
    },
    {
      "035": {
        "ind1": "\\",
        "ind2": "\\",
        "subfields": [
          {
            "a": "(OCoLC)289196"
          },
          {
            "z": "(OCoLC)648234"
          },
          {
            "z": "(OCoLC)6078373"
          },
          {
            "z": "(OCoLC)34620190"
          },
          {
            "z": "(OCoLC)37519622"
          },
          {
            "z": "(OCoLC)58991779"
          },
          {
            "z": "(OCoLC)744675381"
          },
          {
            "z": "(OCoLC)862247922"
          },
          {
            "z": "(OCoLC)908614368"
          },
          {
            "z": "(OCoLC)961901901"
          },
          {
            "z": "(OCoLC)962866079"
          },
          {
            "z": "(OCoLC)964620790"
          },
          {
            "z": "(OCoLC)977298330"
          },
          {
            "z": "(OCoLC)988425371"
          },
          {
            "z": "(OCoLC)1060555424"
          }
        ]
      }
    },
    {
      "043": {
        "ind1": "\\",
        "ind2": "\\",
        "subfields": [
          {
            "a": "n-us---"
          }
        ]
      }
    },
    {
      "050": {
        "ind1": "0",
        "ind2": "0",
        "subfields": [
          {
            "a": "R154.H39"
          },
          {
            "b": "A3 1938"
          }
        ]
      }
    },
    {
      "060": {
        "ind1": "0",
        "ind2": "0",
        "subfields": [
          {
            "a": "WZ 100"
          },
          {
            "b": "H5763h 1938"
          }
        ]
      }
    },
    {
      "082": {
        "ind1": "0",
        "ind2": "4",
        "subfields": [
          {
            "a": "610.92"
          },
          {
            "b": "HER"
          }
        ]
      }
    },
    {
      "100": {
        "ind1": "1",
        "ind2": "\\",
        "subfields": [
          {
            "a": "Hertzler, Arthur E."
          },
          {
            "q": "(Arthur Emanuel),"
          },
          {
            "d": "1870-1946,"
          },
          {
            "e": "author."
          }
        ]
      }
    },
    {
      "245": {
        "ind1": "1",
        "ind2": "4",
        "subfields": [
          {
            "a": "The horse and buggy doctor /"
          },
          {
            "c": "by Arthur E. Hertzler, M.D."
          }
        ]
      }
    },
    {
      "260": {
        "ind1": "\\",
        "ind2": "\\",
        "subfields": [
          {
            "a": "New York & London :"
          },
          {
            "b": "Harper & Brothers,"
          },
          {
            "c": "1938."
          }
        ]
      }
    },
    {
      "300": {
        "ind1": "\\",
        "ind2": "\\",
        "subfields": [
          {
            "a": "x pages, 1 leaf, 322 pages, 2 portrait :"
          },
          {
            "b": "illustrations, plates ;"
          },
          {
            "c": "22 cm"
          }
        ]
      }
    },
    {
      "336": {
        "ind1": "\\",
        "ind2": "\\",
        "subfields": [
          {
            "a": "text"
          },
          {
            "b": "txt"
          },
          {
            "2": "rdacontent"
          }
        ]
      }
    },
    {
      "337": {
        "ind1": "\\",
        "ind2": "\\",
        "subfields": [
          {
            "a": "unmediated"
          },
          {
            "b": "n"
          },
          {
            "2": "rdamedia"
          }
        ]
      }
    },
    {
      "338": {
        "ind1": "\\",
        "ind2": "\\",
        "subfields": [
          {
            "a": "volume"
          },
          {
            "b": "nc"
          },
          {
            "2": "rdacarrier"
          }
        ]
      }
    },
    {
      "505": {
        "ind1": "0",
        "ind2": "\\",
        "subfields": [
          {
            "a": "Medicine as it was in my boyhood -- I prepare to study medicine -- I study medicine -- I go to the patient -- I arrive at the patient's bedside -- The patient comes to the office -- I seek further education -- I educate myself -- I practice kitchen surgery -- I build a hospital -- Me and my patient -- Medicine as it is today."
          }
        ]
      }
    },
    {
      "520": {
        "ind1": "\\",
        "ind2": "\\",
        "subfields": [
          {
            "a": "\"Here in a book of enchanting intimacy and homely humor is the story of an American country doctor--of countless country doctors all over America. A colorful figure in the medical world today, head of the Hertzler Clinic at Halstead, Kans., \"Pop\" Hertzler began his career forty years ago under conditions of pioneer hardship--when it was a case of \"root hog or die\" for children and adults alike. With the most primitive of equipment (including a Colt \"peace-maker\" for warding off wild dogs) and with no hospital facilities (many a farm kitchen was a surgical arena in those days), he directed himself to the adventurous business of bringing human souls into the world and preserving them thereafter from premature death. It was a job for a man and a philosopher, and Dr. Hertzler is both. This chronicle of his experiences, so typical and yet so very personal by reason of the personality which pervades it, is the honest stuff of American life--wonderfully illuminating and genuinely exciting.\"--Jacket."
          }
        ]
      }
    },
    {
      "520": {
        "ind1": "\\",
        "ind2": "\\",
        "subfields": [
          {
            "a": "This life story is not individual, because the same account might have been written by countless thousands of old country doctors with, of course, personal variations. Therefore it is in no sense an autobiography. It is a history of my own times. It is personal only as far as is necessary in order to give it point. I have put down the facts as they unfolded themselves, as far as the material made it possible to do so. It is not my autobiography in that I have carefully avoided revealing my own philosophy of life, though I may seem to have done so. The facts presented are general, not personal, and can be defended on scientific grounds. A doctor of medicine may think one thing and feel another. - Preface."
          }
        ]
      }
    },
    {
      "650": {
        "ind1": "\\",
        "ind2": "0",
        "subfields": [
          {
            "a": "Physicians"
          },
          {
            "z": "United States"
          },
          {
            "v": "Biography."
          }
        ]
      }
    },
    {
      "650": {
        "ind1": "\\",
        "ind2": "0",
        "subfields": [
          {
            "a": "Medicine, Rural."
          }
        ]
      }
    },
    {
      "600": {
        "ind1": "1",
        "ind2": "2",
        "subfields": [
          {
            "a": "Hertzler, Arthur E"
          },
          {
            "q": "(Arthur Emanuel),"
          },
          {
            "d": "1870-1946."
          }
        ]
      }
    },
    {
      "650": {
        "ind1": "\\",
        "ind2": "2",
        "subfields": [
          {
            "a": "Physicians."
          }
        ]
      }
    },
    {
      "650": {
        "ind1": "\\",
        "ind2": "7",
        "subfields": [
          {
            "a": "Medicine, Rural."
          },
          {
            "2": "fast"
          },
          {
            "0": "(OCoLC)fst01015367"
          }
        ]
      }
    },
    {
      "650": {
        "ind1": "\\",
        "ind2": "7",
        "subfields": [
          {
            "a": "Physicians."
          },
          {
            "2": "fast"
          },
          {
            "0": "(OCoLC)fst01062841"
          }
        ]
      }
    },
    {
      "651": {
        "ind1": "\\",
        "ind2": "7",
        "subfields": [
          {
            "a": "United States."
          },
          {
            "2": "fast"
          },
          {
            "0": "(OCoLC)fst01204155"
          }
        ]
      }
    },
    {
      "655": {
        "ind1": "\\",
        "ind2": "7",
        "subfields": [
          {
            "a": "Biographies."
          },
          {
            "2": "fast"
          },
          {
            "0": "(OCoLC)fst01919896"
          }
        ]
      }
    },
    {
      "655": {
        "ind1": "\\",
        "ind2": "7",
        "subfields": [
          {
            "a": "Biographies."
          },
          {
            "2": "lcgft"
          }
        ]
      }
    },
    {
      "776": {
        "ind1": "0",
        "ind2": "8",
        "subfields": [
          {
            "i": "Also issued on microfilm."
          },
          {
            "d": "[Bethesda, Md.] : National Library of Medicine, 1998."
          },
          {
            "h": "1 microfilm reel : negative ; 35 mm."
          }
        ]
      }
    },
    {
      "994": {
        "ind1": "\\",
        "ind2": "\\",
        "subfields": [
          {
            "a": "Z0"
          },
          {
            "b": "NYRVC"
          }
        ]
      }
    },
    {
      "948": {
        "ind1": "\\",
        "ind2": "\\",
        "subfields": [
          {
            "h": "NO HOLDINGS IN NYRVC - 974 OTHER HOLDINGS"
          }
        ]
      }
    },
    {
      "999": {
        "ind1": "\\",
        "ind2": "\\",
        "subfields": [
          {
            "a": "00000000012386"
          }
        ]
      }
    }
  ]
}